<record xmlns:xsi="http://www.w3.org/2001/XMLSchema-instance" xmlns="http://www.loc.gov/MARC21/slim" xsi:schemaLocation="http://www.loc.gov/MARC21/slim http://www.loc.gov/standards/marcxml/schema/MARC21slim.xsd">

  <leader>01605nab a2200181   4500</leader>
  <controlfield tag="005">20160328162511.0</controlfield>
  <controlfield tag="008">150820b2002    cr f|||| |||| 00| 0 spa d</controlfield>
  <datafield ind2=" " tag="090" ind1=" ">
    <subfield code="a">REVIS 06.02.01</subfield>
  </datafield>
  <datafield ind1="1" tag="100" ind2=" ">
    <subfield code="9">557</subfield>
    <subfield code="a">Francis Salazar, Susan</subfield>
  </datafield>
  <datafield ind2="3" tag="245" ind1="1">
    <subfield code="a">El proceso de autoevaluación y autorregulación de la Sede del Atlántico de la Universidad de Costa Rica: Una mirada a la opinión de sus participantes tres años después /</subfield>
    <subfield code="c">Susan Francis Salazar, Viria Ureña Salazar</subfield>
  </datafield>
  <datafield ind1=" " tag="260" ind2=" ">
    <subfield code="a">San José, Costa Rica :</subfield>
    <subfield code="b">Editorial Universidad de Costa Rica,</subfield>
    <subfield code="c">2002</subfield>
  </datafield>
  <datafield ind1=" " tag="300" ind2=" ">
    <subfield code="a"> páginas 229-244</subfield>
  </datafield>
  <datafield ind1=" " tag="520" ind2=" ">
    <subfield code="a">El autoestudio y la autovaloración como estrategias evaluativas para los diferentes sistemas de educación superior, han creado la necesidad de abrir espacios para la revisión y análisis de experiencias vividas, como es la que desarrolló la Sede del Atlántico, en 1996, como parte del Programa Cre-Columbus y patrocinado por la Vicerrectoría de Docencia.
Este trabajo intenta hacer una revisión y análisis de las opiniones de los participantes del proceso de Autoevaluación y Autorregulación vivido en la Sede durante los años 1996-1997 y la implementación de los proyectos que se originaron como parte del Plan de Acción, generando así una serie de consideraciones importantes dentro de los procesos de evaluación en la educación superior</subfield>
  </datafield>
  <datafield tag="650" ind1="1" ind2="4">
    <subfield code="9">1</subfield>
    <subfield code="a">EDUCACIÓN</subfield>
  </datafield>
  <datafield tag="700" ind1=" " ind2=" ">
    <subfield code="9">732</subfield>
    <subfield code="a">Ureña Salazar, Viria </subfield>
  </datafield>
  <datafield ind1="0" tag="773" ind2=" ">
    <subfield code="d">San José, Costa Rica : Editorial de la Universidad de Costa Rica, 1997-</subfield>
    <subfield code="o">R0059</subfield>
    <subfield code="t">EDUCACIÓN: Revista de la Universidad de Costa Rica</subfield>
    <subfield code="g">Vol.26, no.2  (2002)</subfield>
  </datafield>
  <datafield tag="942" ind1=" " ind2=" ">
    <subfield code="2">z</subfield>
    <subfield code="c">10</subfield>
  </datafield>
  <datafield tag="999" ind1=" " ind2=" ">
    <subfield code="c">2817</subfield>
    <subfield code="d">2817</subfield>
  </datafield>
</record>